@article{King:1976,
 author = {King, James C.},
 title = {Symbolic execution and program testing},
 journal = {Commun. ACM},
 issue_date = {July 1976},
 volume = {19},
 number = {7},
 month = jul,
 year = {1976},
 pages = {385--394},
 numpages = {10},
 keywords = {program debugging, program proving, program testing, program verification, symbolic execution, symbolic interpretation},
}

@inproceedings{DART,
 author = {Godefroid, Patrice and Klarlund, Nils and Sen, Koushik},
 title = {DART: directed automated random testing},
 booktitle = {Proceedings of the 2005 ACM SIGPLAN conference on Programming language design and implementation},
 series = {PLDI '05},
 year = {2005},
 pages = {213--223},
 numpages = {11},
 keywords = {automated test generation, interfaces, program verification, random testing, software testing},
}

@inproceedings{CUTE,
 author = {Sen, Koushik and Marinov, Darko and Agha, Gul},
 title = {CUTE: a concolic unit testing engine for C},
 booktitle = {Proceedings of the 10th European software engineering conference held jointly with 13th ACM SIGSOFT international symposium on Foundations of software engineering},
 series = {ESEC/FSE-13},
 year = {2005},
 pages = {263--272},
 numpages = {10},
 keywords = {concolic testing, data structure testing, explicit path model-checking, random testing, testing C programs, unit testing},
}

@article{EXE,
 author = {Cadar, Cristian and Ganesh, Vijay and Pawlowski, Peter M. and Dill, David L. and Engler, Dawson R.},
 title = {EXE: Automatically Generating Inputs of Death},
 journal = {ACM Trans. Inf. Syst. Secur.},
 issue_date = {December 2008},
 volume = {12},
 number = {2},
 month = dec,
 year = {2008},
 pages = {10:1--10:38},
 articleno = {10},
 numpages = {38},
 keywords = {attack generation, bug finding, constraint solving, dynamic analysis, symbolic execution, test case generation},
}

@article{Cadar:2013,
 author = {Cadar, Cristian and Sen, Koushik},
 title = {Symbolic execution for software testing: three decades later},
 journal = {Commun. ACM},
 issue_date = {February 2013},
 volume = {56},
 number = {2},
 month = feb,
 year = {2013},
 pages = {82--90},
 numpages = {9},
}

@inproceedings{Cadar:2011,
 author = {Cadar, Cristian and Godefroid, Patrice and Khurshid, Sarfraz and P\u{a}s\u{a}reanu, Corina S. and Sen, Koushik and Tillmann, Nikolai and Visser, Willem},
 title = {Symbolic execution for software testing in practice: preliminary assessment},
 booktitle = {Proceedings of the 33rd International Conference on Software Engineering},
 series = {ICSE '11},
 year = {2011},
 pages = {1066--1071},
 numpages = {6},
 keywords = {dynamic test generation, generalized symbolic execution},
}

@inproceedings{Pasareanu:2010,
 author = {P\u{a}s\u{a}reanu, Corina S. and Rungta, Neha},
 title = {Symbolic PathFinder: symbolic execution of Java bytecode},
 booktitle = {Proceedings of the IEEE/ACM international conference on Automated software engineering},
 series = {ASE '10},
 year = {2010},
 pages = {179--180},
 numpages = {2},
 keywords = {automated test case generation, program analysis},
}

@article{Apollo,
 author = {Artzi, Shay and Kiezun, Adam and Dolby, Julian and Tip, Frank and Dig, Daniel and Paradkar, Amit and Ernst, Michael D.},
 title = {Finding Bugs in Web Applications Using Dynamic Test Generation and Explicit-State Model Checking},
 journal = {IEEE Trans. Softw. Eng.},
 issue_date = {July 2010},
 volume = {36},
 number = {4},
 month = jul,
 year = {2010},
 pages = {474--494},
 numpages = {21},
 keywords = {PHP, Software testing, Software testing, Web applications, dynamic analysis, PHP, reliability, verification., Web applications, dynamic analysis, reliability, verification.},
}
